@article{Hong:2014:SAC,
  author    = {Yi Hong and
               Brad Davis and
               J. S. Marron and
               Roland Kwitt and
               Nikhil Singh and
               Julia S. Kimbell and
               Elizabeth Pitkin and
               Richard Superfine and
               Stephanie Davis and
               Carlton J. Zdanski and
               Marc Niethammer},
  title     = {Statistical atlas construction via weighted functional boxplots},
  journal   = {Medical Image Analysis},
  year      = {2014},
  volume    = {18},
  number    = {4},
  pages     = {684--698},
  url       = {http://dx.doi.org/10.1016/j.media.2014.03.001},
  doi       = {10.1016/j.media.2014.03.001},
  timestamp = {Sun, 02 Nov 2014 19:25:49 +0100},
  biburl    = {http://dblp.uni-trier.de/rec/bib/journals/mia/HongDMKSKPSDZN14},
  bibsource = {dblp computer science bibliography, http://dblp.org}
}